@misc{ wiki:VersionControl,
  author = "Wikipedia",
  title = "Version control --- {W}ikipedia{,} The Free Encyclopedia",
  year = "2016",
  url = "https://en.wikipedia.org/wiki/Version_control",
  note = "[Online; accessed 10-March-2016]"
},@misc{ wiki:CI,
  author = "Wikipedia",
  title = "Continuous integration --- {W}ikipedia{,} The Free Encyclopedia",
  year = "2016",
  url = "https://en.wikipedia.org/wiki/Continuous_integration#cite_note-1",
  note = "[Online; accessed 9-March-2016]"
},
@misc{ wiki:BoochMethod,
  author = "Wikipedia",
  title = "Booch method --- {W}ikipedia{,} The Free Encyclopedia",
  year = "2015",
  url = "https://en.wikipedia.org/wiki/Booch_method",
  note = "[Online; accessed 10-March-2016]"
}